@article{Naseri_2021,
	doi = {10.1109/tap.2021.3060142},
  
	url = {https://doi.org/10.1109%2Ftap.2021.3060142},
  
	year = 2021,
	month = {sep},
  
	publisher = {Institute of Electrical and Electronics Engineers ({IEEE})},
  
	volume = {69},
  
	number = {9},
  
	pages = {5725--5739},
  
	author = {Parinaz Naseri and Sean V. Hum},
  
	title = {A Generative Machine Learning-Based Approach for Inverse Design of Multilayer Metasurfaces},
  
	journal = {{IEEE} Transactions on Antennas and Propagation}
}

@misc{Bevelacqua_2015, title={S-parameters}, url={https://www.antenna-theory.com/definitions/sparameters.php}, journal={S-Parameters for Antennas (S11, S12, ...)}, author={Bevelacqua, Pete}, year={2015}} 

@article{scikit-learn,
 title={Scikit-learn: Machine Learning in {P}ython},
 author={Pedregosa, F. and Varoquaux, G. and Gramfort, A. and Michel, V.
         and Thirion, B. and Grisel, O. and Blondel, M. and Prettenhofer, P.
         and Weiss, R. and Dubourg, V. and Vanderplas, J. and Passos, A. and
         Cournapeau, D. and Brucher, M. and Perrot, M. and Duchesnay, E.},
 journal={Journal of Machine Learning Research},
 volume={12},
 pages={2825--2830},
 year={2011}
}

@software{reback2020pandas,
    author       = {The pandas development team},
    title        = {pandas-dev/pandas: Pandas},
    month        = feb,
    year         = 2020,
    publisher    = {Zenodo},
    version      = {latest},
    doi          = {10.5281/zenodo.3509134},
    url          = {https://doi.org/10.5281/zenodo.3509134}
}

@misc{lundberg2017unified,
      title={A Unified Approach to Interpreting Model Predictions}, 
      author={Scott Lundberg and Su-In Lee},
      year={2017},
      eprint={1705.07874},
      archivePrefix={arXiv},
      primaryClass={cs.AI}
}